<record><leader>00000cas a22000007a 4500</leader><controlfield tag="001">15807542</controlfield><controlfield tag="008">870604d18601862iauwr ne      0    0eng d</controlfield><datafield ind1=" " ind2=" " tag="010"><subfield code="a">sn 87058274 </subfield></datafield><datafield ind1=" " ind2=" " tag="040"><subfield code="a">INP</subfield><subfield code="b">eng</subfield><subfield code="c">INP</subfield><subfield code="d">OCLCQ</subfield></datafield><datafield ind1=" " ind2=" " tag="042"><subfield code="a">msc</subfield></datafield><datafield ind1="0" ind2=" " tag="130"><subfield code="a">Iowa Democrat (Sigourney, Iowa)</subfield></datafield><datafield ind1="1" ind2="4" tag="245"><subfield code="a">The Iowa Democrat.</subfield></datafield><datafield ind1=" " ind2=" " tag="260"><subfield code="a">Sigourney [Iowa] :</subfield><subfield code="b">S.B. Evans &amp; J.R. Farra,</subfield><subfield code="c">1860-</subfield></datafield><datafield ind1=" " ind2=" " tag="300"><subfield code="a">v.</subfield></datafield><datafield ind1=" " ind2=" " tag="310"><subfield code="a">Weekly</subfield></datafield><datafield ind1="0" ind2=" " tag="362"><subfield code="a">Vol. 2, no. 1 (Feb. 10, 1860)-</subfield></datafield><datafield ind1="1" ind2=" " tag="362"><subfield code="a">Ceased in 1862.</subfield></datafield><datafield ind1=" " ind2=" " tag="752"><subfield code="a">United States</subfield><subfield code="b">Iowa</subfield><subfield code="c">Keokuk</subfield><subfield code="d">Sigourney.</subfield></datafield><datafield ind1="0" ind2="0" tag="780"><subfield code="t">Iowa weekly Democrat</subfield><subfield code="w">(DLC)sn 86083330</subfield></datafield></record>